@misc{wakito2008, title={Attribute-Relation File Format (ARFF)}, url={https://www.cs.waikato.ac.nz/ml/weka/arff.html}, journal={Attribute-Relation File Format (ARFF)}, publisher={The University of Wakito}, author={University of Wakito}, year={2008}, month={Nov}}

@INPROCEEDINGS{sain2010,
	author={R. Saian and K. R. Ku-Mahamud},
	booktitle={2010 Second International Conference on Computer and Network Technology},
	title={Comparison of Attribute Selection Methods for Web Texts Categorization},
	year={2010},
	volume={},
	number={},
	pages={115-118},
	keywords={data mining;Internet;pattern classification;text analysis;attribute selection methods;Web texts categorization;ant-miner algorithm;C4.5 algorithm;classification rules;Text categorization;Search methods;Web pages;Machine learning algorithms;Accuracy;Art;Data mining;Genetics;Information retrieval;Computer networks;web mining;classification;attribute selection;machine learning},
	doi={10.1109/ICCNT.2010.13},
	ISSN={},
	month={April},}

@article{hai_2015, title={Facial Expression Classification Using Artificial Neural Network and K - Nearest Neighbor}, url={http://www.mecs-press.org/ijitcs/ijitcs-v7-n3/IJITCS-V7-N3-4.pdf}, DOI={DOI: 10.5815/ijitcs.201 5 . 03 .0 4}, journal={MECS (}, author={Hai, T S}, year={2015}}
